<?xml version="1.0" encoding="UTF-8"?>
<collection xmlns:xsi="http://www.w3.org/2001/XMLSchema-instance" xsi:schemaLocation="http://www.loc.gov/MARC21/slim http://www.loc.gov/standards/marcxml/schema/MARC21slim.xsd" xmlns="http://www.loc.gov/MARC21/slim">
<record>
  <leader>00694cam a2200193K  4500</leader>
  <controlfield tag="001">5967991</controlfield>
  <controlfield tag="003">NNC</controlfield>
  <controlfield tag="005">20150920223135.0</controlfield>
  <controlfield tag="008">061026s1962    sy            000 0 ara d</controlfield>
  <datafield tag="035" ind1=" " ind2=" ">
    <subfield code="a">(OCoLC)ocm74458490</subfield>
  </datafield>
  <datafield tag="035" ind1=" " ind2=" ">
    <subfield code="a">(NNC)5967991</subfield>
  </datafield>
  <datafield tag="040" ind1=" " ind2=" ">
    <subfield code="a">ZCU</subfield>
    <subfield code="c">ZCU</subfield>
  </datafield>
  <datafield tag="100" ind1="1" ind2=" ">
    <subfield code="a">Marivaux, Pierre Carlet de Chamblain de,</subfield>
    <subfield code="d">1688-1763.</subfield>
  </datafield>
  <datafield tag="245" ind1="1" ind2="3">
    <subfield code="a">al-Iʻtirāfāt al-kādhibah</subfield>
    <subfield code="b">tarjamat Rafīq al-Ṣabbān.</subfield>
  </datafield>
  <datafield tag="260" ind1=" " ind2=" ">
    <subfield code="a">Dimashq,</subfield>
    <subfield code="b">Dār al-Dimashq,</subfield>
    <subfield code="c">1962.</subfield>
  </datafield>
  <datafield tag="300" ind1=" " ind2=" ">
    <subfield code="a">[1 v.]</subfield>
  </datafield>
  <datafield tag="490" ind1="1" ind2=" ">
    <subfield code="a">Syria. Mudīrīyat al-Ta︡līf wa-al-Tarjamah. al-Silsilah al-masraḥīyah.</subfield>
    <subfield code="v">v.3</subfield>
  </datafield>
  <datafield tag="810" ind1="1" ind2=" ">
    <subfield code="a">Syria.</subfield>
    <subfield code="b">Mudīrīyat al-Ta︡līf wa-al-Tarjamah.</subfield>
    <subfield code="t">Silsilah al-masraḥīyah ;</subfield>
    <subfield code="v">v. 3.</subfield>
  </datafield>
  <datafield tag="955" ind1=" " ind2=" ">
    <subfield code="b">0026813564</subfield>
    <subfield code="d">glx</subfield>
    <subfield code="e">956.9 Sy16 v.3</subfield>
  </datafield>
</record>
</collection>